%YAML 1.1
%TAG !u! tag:unity3d.com,2011:
--- !u!1001 &100100000
Prefab:
  m_ObjectHideFlags: 1
  serializedVersion: 2
  m_Modification:
    m_TransformParent: {fileID: 0}
    m_Modifications: []
    m_RemovedComponents: []
  m_ParentPrefab: {fileID: 0}
  m_RootGameObject: {fileID: 1496857719896456}
  m_IsPrefabParent: 1
--- !u!1 &1496857719896456
GameObject:
  m_ObjectHideFlags: 0
  m_PrefabParentObject: {fileID: 0}
  m_PrefabInternal: {fileID: 100100000}
  serializedVersion: 5
  m_Component:
  - component: {fileID: 4482064821286406}
  - component: {fileID: 114194605731355552}
  - component: {fileID: 114161039412101324}
  - component: {fileID: 114023736814373206}
  m_Layer: 8
  m_Name: AudioManager
  m_TagString: Untagged
  m_Icon: {fileID: 0}
  m_NavMeshLayer: 0
  m_StaticEditorFlags: 0
  m_IsActive: 1
--- !u!4 &4482064821286406
Transform:
  m_ObjectHideFlags: 1
  m_PrefabParentObject: {fileID: 0}
  m_PrefabInternal: {fileID: 100100000}
  m_GameObject: {fileID: 1496857719896456}
  m_LocalRotation: {x: 0, y: 0, z: 0, w: 1}
  m_LocalPosition: {x: 0, y: 0, z: 0}
  m_LocalScale: {x: 1, y: 1, z: 1}
  m_Children: []
  m_Father: {fileID: 0}
  m_RootOrder: 0
  m_LocalEulerAnglesHint: {x: 0, y: 0, z: 0}
--- !u!114 &114023736814373206
MonoBehaviour:
  m_ObjectHideFlags: 1
  m_PrefabParentObject: {fileID: 0}
  m_PrefabInternal: {fileID: 100100000}
  m_GameObject: {fileID: 1496857719896456}
  m_Enabled: 1
  m_EditorHideFlags: 0
  m_Script: {fileID: 11500000, guid: 547282492df9af14ea9196d18c36158e, type: 3}
  m_Name: 
  m_EditorClassIdentifier: 
  triggerList: f7e1664c
  useOtherObject: 0
  bankName: Player
  decodeBank: 0
  loadAsynchronous: 0
  saveDecodedBank: 0
  unloadTriggerList: 
  valueGuid: 9d58553ed296be4992185c3c32e1c4c8
--- !u!114 &114161039412101324
MonoBehaviour:
  m_ObjectHideFlags: 1
  m_PrefabParentObject: {fileID: 0}
  m_PrefabInternal: {fileID: 100100000}
  m_GameObject: {fileID: 1496857719896456}
  m_Enabled: 1
  m_EditorHideFlags: 0
  m_Script: {fileID: 11500000, guid: 547282492df9af14ea9196d18c36158e, type: 3}
  m_Name: 
  m_EditorClassIdentifier: 
  triggerList: ae8d9d44
  useOtherObject: 0
  bankName: Enemy
  decodeBank: 0
  loadAsynchronous: 0
  saveDecodedBank: 0
  unloadTriggerList: 
  valueGuid: e0d476d1f9340a49849b6101d190eeb9
--- !u!114 &114194605731355552
MonoBehaviour:
  m_ObjectHideFlags: 1
  m_PrefabParentObject: {fileID: 0}
  m_PrefabInternal: {fileID: 100100000}
  m_GameObject: {fileID: 1496857719896456}
  m_Enabled: 1
  m_EditorHideFlags: 0
  m_Script: {fileID: 11500000, guid: f01e841d911ec2e4f917b8aa7239739a, type: 3}
  m_Name: 
  m_EditorClassIdentifier: 
