%YAML 1.1
%TAG !u! tag:unity3d.com,2011:
--- !u!1001 &100100000
Prefab:
  m_ObjectHideFlags: 1
  serializedVersion: 2
  m_Modification:
    m_TransformParent: {fileID: 0}
    m_Modifications: []
    m_RemovedComponents: []
  m_ParentPrefab: {fileID: 0}
  m_RootGameObject: {fileID: 1608765198971814}
  m_IsPrefabParent: 1
--- !u!1 &1608765198971814
GameObject:
  m_ObjectHideFlags: 0
  m_PrefabParentObject: {fileID: 0}
  m_PrefabInternal: {fileID: 100100000}
  serializedVersion: 5
  m_Component:
  - component: {fileID: 4606050540836706}
  - component: {fileID: 65475840012100632}
  - component: {fileID: 114678632228369448}
  - component: {fileID: 54807104438477126}
  - component: {fileID: 114329859821556648}
  - component: {fileID: 114700102791376418}
  m_Layer: 9
  m_Name: FootTrigger
  m_TagString: Untagged
  m_Icon: {fileID: 0}
  m_NavMeshLayer: 0
  m_StaticEditorFlags: 0
  m_IsActive: 1
--- !u!4 &4606050540836706
Transform:
  m_ObjectHideFlags: 1
  m_PrefabParentObject: {fileID: 0}
  m_PrefabInternal: {fileID: 100100000}
  m_GameObject: {fileID: 1608765198971814}
  m_LocalRotation: {x: -0.022679932, y: 0.08107322, z: -0.99617565, w: 0.023384644}
  m_LocalPosition: {x: 0.0662, y: 0.003, z: 0.014}
  m_LocalScale: {x: 1, y: 0.39824262, z: 0.6763001}
  m_Children: []
  m_Father: {fileID: 0}
  m_RootOrder: 0
  m_LocalEulerAnglesHint: {x: 9.234, y: 2.844, z: -177.08101}
--- !u!54 &54807104438477126
Rigidbody:
  m_ObjectHideFlags: 1
  m_PrefabParentObject: {fileID: 0}
  m_PrefabInternal: {fileID: 100100000}
  m_GameObject: {fileID: 1608765198971814}
  serializedVersion: 2
  m_Mass: 1
  m_Drag: 0
  m_AngularDrag: 0.05
  m_UseGravity: 0
  m_IsKinematic: 1
  m_Interpolate: 0
  m_Constraints: 0
  m_CollisionDetection: 0
--- !u!65 &65475840012100632
BoxCollider:
  m_ObjectHideFlags: 1
  m_PrefabParentObject: {fileID: 0}
  m_PrefabInternal: {fileID: 100100000}
  m_GameObject: {fileID: 1608765198971814}
  m_Material: {fileID: 0}
  m_IsTrigger: 1
  m_Enabled: 1
  serializedVersion: 2
  m_Size: {x: 0.1, y: 0.35190043, z: 0.2}
  m_Center: {x: -0.000000009274288, y: 0.075949535, z: -0.00000008152729}
--- !u!114 &114329859821556648
MonoBehaviour:
  m_ObjectHideFlags: 1
  m_PrefabParentObject: {fileID: 0}
  m_PrefabInternal: {fileID: 100100000}
  m_GameObject: {fileID: 1608765198971814}
  m_Enabled: 1
  m_EditorHideFlags: 0
  m_Script: {fileID: 11500000, guid: a8978186f59cfa443ad1358d082255a9, type: 3}
  m_Name: 
  m_EditorClassIdentifier: 
  m_listeners:
    initialListenerList: []
    useDefaultListeners: 1
  isEnvironmentAware: 1
  isStaticObject: 0
  m_positionOffsetData:
    KeepMe: 0
    positionOffset: {x: 0, y: 0, z: 0}
  m_posOffsetData: {fileID: 0}
  listenerMask: 1
--- !u!114 &114678632228369448
MonoBehaviour:
  m_ObjectHideFlags: 1
  m_PrefabParentObject: {fileID: 0}
  m_PrefabInternal: {fileID: 100100000}
  m_GameObject: {fileID: 1608765198971814}
  m_Enabled: 1
  m_EditorHideFlags: 0
  m_Script: {fileID: 11500000, guid: ae40d7a05b3a7644ab094342d6c59a03, type: 3}
  m_Name: 
  m_EditorClassIdentifier: 
--- !u!114 &114700102791376418
MonoBehaviour:
  m_ObjectHideFlags: 1
  m_PrefabParentObject: {fileID: 0}
  m_PrefabInternal: {fileID: 100100000}
  m_GameObject: {fileID: 1608765198971814}
  m_Enabled: 1
  m_EditorHideFlags: 0
  m_Script: {fileID: 11500000, guid: a72a01fe6c4afa24cb1a9b012895953f, type: 3}
  m_Name: 
  m_EditorClassIdentifier: 
  triggerList: f7f422d6
  useOtherObject: 0
  actionOnEventType: 0
  curveInterpolation: 4
  enableActionOnEvent: 0
  eventID: 541470702
  m_callbackData: {fileID: 0}
  playingId: 0
  soundEmitterObject: {fileID: 0}
  transitionDuration: 0
  valueGuid: 92acfab9ae49d74e92b53805e7cbe23f
